<?xml version="1.0" encoding="UTF-8"?><record xmlns="http://www.loc.gov/MARC21/slim" xmlns:cinclude="http://apache.org/cocoon/include/1.0" xmlns:zs="http://www.loc.gov/zing/srw/">
  <leader>00546cz  a2200145n  4500</leader>
  <controlfield tag="001">n  98111005 </controlfield>
  <controlfield tag="003">DLC</controlfield>
  <controlfield tag="005">20030228151027.0</controlfield>
  <controlfield tag="008">981217n| acannaab           |a aaa      </controlfield>
  <datafield tag="010" ind1=" " ind2=" ">
    <subfield code="a">n  98111005 </subfield>
  </datafield>
  <datafield tag="040" ind1=" " ind2=" ">
    <subfield code="a">DLC</subfield>
    <subfield code="c">DLC</subfield>
    <subfield code="d">DLC</subfield>
  </datafield>
  <datafield tag="100" ind1="1" ind2="0">
    <subfield code="a">Zaoual, H.</subfield>
    <subfield code="q">(Hassan)</subfield>
  </datafield>
  <datafield tag="400" ind1="1" ind2="0">
    <subfield code="a">Zaoual, Hassan</subfield>
  </datafield>
  <datafield tag="670" ind1=" " ind2=" ">
    <subfield code="a">Territoires et dynamiques économiques, c1998:</subfield>
    <subfield code="b">t.p. (H. Zaoual) p. 223 (Hassan Zaoual, Univ. de Littoral)</subfield>
  </datafield>
  <datafield tag="670" ind1=" " ind2=" ">
    <subfield code="a">His Du rôle des croyances dans le développement économique, c2002:</subfield>
    <subfield code="b">t.p. (Hassan Zaoual) p. 4 of cover (b.  in Rabat, 1950)</subfield>
  </datafield>
</record>